<?xml version="1.0" encoding="UTF-8"?><collection xmlns="http://www.loc.gov/MARC21/slim"><record><leader>00330nam--2200133-i-4500</leader><controlfield tag="001">000030203</controlfield><controlfield tag="002">20161230</controlfield><controlfield tag="005">20161230201038</controlfield><controlfield tag="008">060222s1000------------r-----000-0-eng-d</controlfield><datafield ind1=" " ind2=" " tag="080"><subfield code="a">061.3:239.12.08</subfield></datafield><datafield ind1=" " ind2=" " tag="245"><subfield code="a">Luminescence dosimetry</subfield></datafield><datafield ind1=" " ind2=" " tag="260"><subfield code="a">Springfield, U.S.A.E.C., 1967, Xi + 514p</subfield></datafield><datafield ind1=" " ind2=" " tag="700"><subfield code="a">Attix, Frank H</subfield></datafield><datafield ind1=" " ind2=" " tag="852"><subfield code="a">28475</subfield></datafield></record></collection>